@article{fermi,
    title={The ionization loss of energy in gases and in condensed materials},
    author={Fermi, Enrico},
    journal={Physical Review},
    volume={57},
    number={6},
    pages={485},
    year={1940},
    publisher={APS},
}

@online{Jens,
    author = {Andreasson, Jens},
    title = {Webbserverprogrammering med Node och Express},
    url = {https://jens-andreasson.gitbook.io/webbserverprogrammering/webbserver/node-introduktion},
    urldate = {2021-09-03},
}

@book{Fraenkel,
    author={Fraenkel, Lars and Gottfridsson, Daniel and Jonasson, Ulf},
    title={Impuls Fysik. 1},
    publisher={Gleerups},
    address={Malm{\"o}},
    year={2011},
    edition={1. uppl., 2. tr.},
    ISBN={9140674150},
    keywords={Fysik},
} 

@online{webbriktlinjer,
    author = {author},
    title = {Vägledning för webbutveckling},
    date = {date},
    url = {https://webbriktlinjer.se/?page_id=14684},
}
@online{W3C,
    author = {W3C},
    title = {About us},
    date = {date},
    url = {https://www.w3.org/about/},
}
@online{WCAG_2.0,
    author = {WeC},
    title = {Web Content Accessibility Guidelines (WCAG) 2.0},
    date = {date},
    url = {https://www.w3.org/TR/WCAG20/},
}
@online{Dos-lagen,
    author = {author},
    title = {Lagen om tillgänglighet till digital offentlig service},
    date = {date},
    url = {https://www.riksdagen.se/sv/dokument-och-lagar/dokument/svensk-forfattningssamling/lag-20181937-om-tillganglighet-till-digital_sfs-2018-1937/},
}
@online{Om_Dos-lage,
    author = {author},
    title = {Om lagen om tillgänglighet till digital offentlig service},
    date = {date},
    url = {https://www.digg.se/analys-och-uppfoljning/lagen-om-tillganglighet-till-digital-offentlig-service-dos-lagen/om-lagen},
}
@online{Sorsele_kommun,
    author = {author},
    title = {title},
    date = {date},
    url = {https://www.sorsele.se/kommun/},
}
@online{Höörs_kommun,
    author = {author},
    title = {title},
    date = {date},
    url = {https://www.hoor.se/},
}
@online{Linköpings_kommun,
    author = {author},
    title = {title},
    date = {date},
    url = {https://www.linkoping.se/},
}
@online{SverigesKommuner,
    author = {author},
    title = {title},
    date = {date},
    url = {https://sverigeskommuner.net/befolkning},
}